<?xml version="1.0" encoding="UTF-8"?><record xmlns="http://www.loc.gov/MARC21/slim" xmlns:cinclude="http://apache.org/cocoon/include/1.0" xmlns:zs="http://www.loc.gov/zing/srw/">
  <leader>00397cz  a2200121n  4500</leader>
  <controlfield tag="001">n 2006173944</controlfield>
  <controlfield tag="003">DLC</controlfield>
  <controlfield tag="005">20080130075521.0</controlfield>
  <controlfield tag="008">070712n| acannaabn          |n aaa      </controlfield>
  <datafield tag="010" ind1=" " ind2=" ">
    <subfield code="a">n 2006173944</subfield>
  </datafield>
  <datafield tag="040" ind1=" " ind2=" ">
    <subfield code="a">DLC</subfield>
    <subfield code="b">eng</subfield>
    <subfield code="c">DLC</subfield>
    <subfield code="d">DLC</subfield>
  </datafield>
  <datafield tag="100" ind1="1" ind2=" ">
    <subfield code="a">Chakraborty, B. N.</subfield>
  </datafield>
  <datafield tag="670" ind1=" " ind2=" ">
    <subfield code="a">Rhizosphere biotechnology, c2007:</subfield>
    <subfield code="b">t.p. (Dr. B.N. Chakraborty; prof., dean, Faculty of Sciences, North Bengal U., Darjeeling, India)</subfield>
  </datafield>
</record>